{"btc_usd":[{"type":"bid","price":39090.19984,"amount":0.0002961,"tid":205419146,"timestamp":1699730156},{"type":"bid","price":38701,"amount":0.00010471,"tid":205419145,"timestamp":1699730153},{"type":"ask","price":38001,"amount":0.00027851,"tid":205419144,"timestamp":1699730033},{"type":"ask","price":38301,"amount":0.00000002,"tid":205419143,"timestamp":1699730033},{"type":"ask","price":38301,"amount":0.00061441,"tid":205419142,"timestamp":1699726656},{"type":"ask","price":38301,"amount":0.0001099,"tid":205419141,"timestamp":1699725446},{"type":"ask","price":38301,"amount":0.00011087,"tid":205419140,"timestamp":1699725445},{"type":"ask","price":38301,"amount":0.00092883,"tid":205419139,"timestamp":1699725440},{"type":"ask","price":38301,"amount":0.00010863,"tid":205419138,"timestamp":1699725437},{"type":"ask","price":38301,"amount":0.00011083,"tid":205419137,"timestamp":1699725437},{"type":"ask","price":38301,"amount":0.00093673,"tid":205419136,"timestamp":1699725436},{"type":"bid","price":38368.60002001,"amount":0.00000344,"tid":205419135,"timestamp":1699725187},{"type":"bid","price":38368.60002001,"amount":0.00152165,"tid":205419134,"timestamp":1699725187},{"type":"bid","price":38368.60002001,"amount":0.00019282,"tid":205419133,"timestamp":1699725187},{"type":"bid","price":38368.60002001,"amount":0.00090542,"tid":205419132,"timestamp":1699725183},{"type":"ask","price":38301,"amount":0.00207978,"tid":205419131,"timestamp":1699725180},{"type":"ask","price":38367.10414461,"amount":0.00051656,"tid":205419130,"timestamp":1699725180},{"type":"ask","price":38367.1042,"amount":0.001027,"tid":205419129,"timestamp":1699725180},{"type":"bid","price":38368.60002001,"amount":0.00088254,"tid":205419128,"timestamp":1699725179},{"type":"bid","price":38368.60001001,"amount":0.00046385,"tid":205419127,"timestamp":1699724136},{"type":"bid","price":38368.60001001,"amount":0.00558744,"tid":205419126,"timestamp":1699724136},{"type":"bid","price":38368.60001001,"amount":0.00091424,"tid":205419125,"timestamp":1699724132},{"type":"bid","price":38368.60001001,"amount":0.00088405,"tid":205419124,"timestamp":1699724128},{"type":"bid","price":38368.60001001,"amount":0.00091871,"tid":205419123,"timestamp":1699724124},{"type":"bid","price":38368.60001001,"amount":0.000883,"tid":205419122,"timestamp":1699724120},{"type":"bid","price":38368.60001001,"amount":0.00089815,"tid":205419121,"timestamp":1699724116},{"type":"bid","price":38368.60001001,"amount":0.00087243,"tid":205419120,"timestamp":1699724112},{"type":"bid","price":38368.60001001,"amount":0.00090796,"tid":205419119,"timestamp":1699724107},{"type":"bid","price":38368.60001001,"amount":0.00089094,"tid":205419118,"timestamp":1699724103},{"type":"bid","price":38368.60001001,"amount":0.00089759,"tid":205419117,"timestamp":1699724100},{"type":"bid","price":38368.60001001,"amount":0.00089072,"tid":205419116,"timestamp":1699724096},{"type":"bid","price":38368.60001001,"amount":0.00541119,"tid":205419115,"timestamp":1699724088},{"type":"bid","price":38368.60001,"amount":0.00016101,"tid":205419114,"timestamp":1699724088},{"type":"bid","price":38368.60001001,"amount":0.00034451,"tid":205419113,"timestamp":1699724051},{"type":"ask","price":38368.60001001,"amount":0.00039073,"tid":205419112,"timestamp":1699724046},{"type":"ask","price":38368.60002001,"amount":0.01185803,"tid":205419111,"timestamp":1699724046},{"type":"ask","price":38368.7,"amount":0.0006,"tid":205419110,"timestamp":1699724046},{"type":"bid","price":39143.79978999,"amount":0.00032766,"tid":205419109,"timestamp":1699723322},{"type":"bid","price":39143.7,"amount":0.0006,"tid":205419108,"timestamp":1699723322},{"type":"bid","price":39130.0999,"amount":0.00127715,"tid":205419107,"timestamp":1699720103},{"type":"bid","price":38400,"amount":0.00031386,"tid":205419106,"timestamp":1699707520},{"type":"bid","price":38400,"amount":0.00030333,"tid":205419105,"timestamp":1699707520},{"type":"bid","price":38400,"amount":0.000159,"tid":205419104,"timestamp":1699707520},{"type":"bid","price":38400,"amount":0.00024747,"tid":205419103,"timestamp":1699707520},{"type":"bid","price":38399.99999,"amount":0.00082847,"tid":205419102,"timestamp":1699707520},{"type":"bid","price":38399.99999,"amount":0.00017368,"tid":205419101,"timestamp":1699707446},{"type":"bid","price":38399.99999,"amount":0.00017368,"tid":205419100,"timestamp":1699707112},{"type":"bid","price":38399.99999,"amount":0.00070165,"tid":205419099,"timestamp":1699707003},{"type":"bid","price":38399.99999,"amount":0.00010416,"tid":205419098,"timestamp":1699706987},{"type":"bid","price":38399.99999,"amount":0.00271184,"tid":205419097,"timestamp":1699706197},{"type":"bid","price":38399.99999,"amount":0.00271184,"tid":205419096,"timestamp":1699706125},{"type":"bid","price":38399.99999,"amount":0.00271184,"tid":205419095,"timestamp":1699706122},{"type":"bid","price":38399.99999,"amount":0.00271184,"tid":205419094,"timestamp":1699705983},{"type":"bid","price":38000.00001,"amount":0.00014946,"tid":205419093,"timestamp":1699705759},{"type":"bid","price":38000.00001,"amount":0.00270216,"tid":205419092,"timestamp":1699705758},{"type":"bid","price":38000.00001,"amount":0.00028508,"tid":205419091,"timestamp":1699705757},{"type":"bid","price":38000.00001,"amount":0.00028508,"tid":205419090,"timestamp":1699705755},{"type":"bid","price":38000.00001,"amount":0.00010126,"tid":205419089,"timestamp":1699705754},{"type":"bid","price":38000.00001,"amount":0.00087695,"tid":205419088,"timestamp":1699705754},{"type":"bid","price":38000.00001,"amount":0.00010446,"tid":205419087,"timestamp":1699705753},{"type":"bid","price":38000.00001,"amount":0.00028508,"tid":205419086,"timestamp":1699705753},{"type":"bid","price":38000.00001,"amount":0.00316412,"tid":205419085,"timestamp":1699705752},{"type":"ask","price":38000.00001,"amount":0.00312145,"tid":205419084,"timestamp":1699705751},{"type":"bid","price":38399.99999,"amount":0.00271184,"tid":205419083,"timestamp":1699705689},{"type":"bid","price":38400,"amount":0.00032579,"tid":205419082,"timestamp":1699705324},{"type":"bid","price":38400,"amount":0.00012618,"tid":205419081,"timestamp":1699705324},{"type":"bid","price":38400,"amount":0.00011265,"tid":205419080,"timestamp":1699705324},{"type":"bid","price":38400,"amount":0.00030198,"tid":205419079,"timestamp":1699705324},{"type":"bid","price":38400,"amount":0.0001658,"tid":205419078,"timestamp":1699705324},{"type":"ask","price":38000,"amount":0.00031386,"tid":205419077,"timestamp":1699705053},{"type":"ask","price":38000,"amount":0.00030333,"tid":205419076,"timestamp":1699705053},{"type":"ask","price":38000,"amount":0.000159,"tid":205419075,"timestamp":1699705053},{"type":"ask","price":38000,"amount":0.00057326,"tid":205419074,"timestamp":1699705052},{"type":"ask","price":38000,"amount":0.00012618,"tid":205419073,"timestamp":1699705052},{"type":"ask","price":38000,"amount":0.00011265,"tid":205419072,"timestamp":1699705052},{"type":"ask","price":38000,"amount":0.00030198,"tid":205419071,"timestamp":1699705052},{"type":"ask","price":38000,"amount":0.0001658,"tid":205419070,"timestamp":1699705052},{"type":"ask","price":38001.5,"amount":0.0001,"tid":205419069,"timestamp":1699705052},{"type":"ask","price":38002.01,"amount":0.0001,"tid":205419068,"timestamp":1699705052},{"type":"ask","price":38002.0101,"amount":0.00712151,"tid":205419067,"timestamp":1699705052},{"type":"ask","price":38002.0101,"amount":0.000133,"tid":205419066,"timestamp":1699705052},{"type":"ask","price":38300.9,"amount":0.00019799,"tid":205419065,"timestamp":1699705052},{"type":"bid","price":38500,"amount":0.0027045,"tid":205419064,"timestamp":1699698855},{"type":"ask","price":38194.48745039,"amount":0.00016055,"tid":205419063,"timestamp":1699698483},{"type":"ask","price":38194.48745039,"amount":0.00011198,"tid":205419062,"timestamp":1699698483},{"type":"bid","price":38500,"amount":0.00039223,"tid":205419061,"timestamp":1699698479},{"type":"bid","price":38500,"amount":0.00015515,"tid":205419060,"timestamp":1699698477},{"type":"bid","price":38195,"amount":0.00141198,"tid":205419059,"timestamp":1699695223},{"type":"bid","price":38195,"amount":0.00557622,"tid":205419058,"timestamp":1699695204},{"type":"bid","price":38194.99999999,"amount":0.00050336,"tid":205419057,"timestamp":1699695187},{"type":"bid","price":38194.99999999,"amount":0.00088301,"tid":205419056,"timestamp":1699695184},{"type":"bid","price":38195,"amount":0.0009118,"tid":205419055,"timestamp":1699695180},{"type":"bid","price":38194.4876,"amount":0.02195394,"tid":205419054,"timestamp":1699694963},{"type":"bid","price":38194.4876,"amount":0.00091865,"tid":205419053,"timestamp":1699694962},{"type":"bid","price":38194.4876,"amount":0.00089634,"tid":205419052,"timestamp":1699694959},{"type":"bid","price":38194.4876,"amount":0.00091705,"tid":205419051,"timestamp":1699694955},{"type":"bid","price":38194.4876,"amount":0.00555269,"tid":205419050,"timestamp":1699694953},{"type":"bid","price":38194.4876,"amount":0.00087896,"tid":205419049,"timestamp":1699694951},{"type":"bid","price":38194.4876,"amount":0.00091267,"tid":205419048,"timestamp":1699694948},{"type":"bid","price":38194.4876,"amount":0.00088825,"tid":205419047,"timestamp":1699694944},{"type":"bid","price":38194.4876,"amount":0.01635883,"tid":205419046,"timestamp":1699694942},{"type":"bid","price":38194.4876,"amount":0.00091807,"tid":205419045,"timestamp":1699694940},{"type":"bid","price":38194.4876,"amount":0.00089647,"tid":205419044,"timestamp":1699694936},{"type":"bid","price":38194.4876,"amount":0.00090174,"tid":205419043,"timestamp":1699694932},{"type":"bid","price":38194.4876,"amount":0.00012505,"tid":205419042,"timestamp":1699694919},{"type":"bid","price":38194.4876,"amount":0.00019837,"tid":205419041,"timestamp":1699694918},{"type":"bid","price":38194.4876,"amount":0.00010799,"tid":205419040,"timestamp":1699694918},{"type":"bid","price":38194.4876,"amount":0.0004575,"tid":205419039,"timestamp":1699694918},{"type":"bid","price":38194.4876,"amount":0.00022443,"tid":205419038,"timestamp":1699694918},{"type":"bid","price":38194.4876,"amount":0.00010138,"tid":205419037,"timestamp":1699694917},{"type":"bid","price":38194.4876,"amount":0.00014177,"tid":205419036,"timestamp":1699694917},{"type":"bid","price":38194.4876,"amount":0.00012575,"tid":205419035,"timestamp":1699694917},{"type":"bid","price":38194.4876,"amount":0.00012307,"tid":205419034,"timestamp":1699694917},{"type":"bid","price":38194.4876,"amount":0.00013606,"tid":205419033,"timestamp":1699694916},{"type":"bid","price":38194.4876,"amount":0.00034757,"tid":205419032,"timestamp":1699694916},{"type":"bid","price":38194.4876,"amount":0.00014978,"tid":205419031,"timestamp":1699694916},{"type":"bid","price":38194.4876,"amount":0.00013426,"tid":205419030,"timestamp":1699694916},{"type":"bid","price":38194.4876,"amount":0.00013481,"tid":205419029,"timestamp":1699694916},{"type":"bid","price":38194.4876,"amount":0.00019079,"tid":205419028,"timestamp":1699694916},{"type":"bid","price":38194.4876,"amount":0.00030875,"tid":205419027,"timestamp":1699694915},{"type":"bid","price":38194.4876,"amount":0.00015102,"tid":205419026,"timestamp":1699694915},{"type":"bid","price":38194.4876,"amount":0.00038485,"tid":205419025,"timestamp":1699694915},{"type":"bid","price":38194.4876,"amount":0.00028621,"tid":205419024,"timestamp":1699694915},{"type":"bid","price":38194.4876,"amount":0.0002256,"tid":205419023,"timestamp":1699694914},{"type":"bid","price":38194.4876,"amount":0.00425903,"tid":205419022,"timestamp":1699694914},{"type":"bid","price":38194.4876,"amount":0.00068443,"tid":205419021,"timestamp":1699694914},{"type":"ask","price":38194.4876,"amount":0.000475,"tid":205419020,"timestamp":1699694913},{"type":"ask","price":38194.4876,"amount":0.02481299,"tid":205419019,"timestamp":1699694913},{"type":"ask","price":38350,"amount":0.00271665,"tid":205419018,"timestamp":1699694913},{"type":"bid","price":38410.777,"amount":0.00551822,"tid":205419017,"timestamp":1699694804},{"type":"bid","price":38410.777,"amount":0.00013914,"tid":205419016,"timestamp":1699694803},{"type":"bid","price":38410.777,"amount":0.00027719,"tid":205419015,"timestamp":1699694792},{"type":"bid","price":38410.777,"amount":0.00027719,"tid":205419014,"timestamp":1699694789},{"type":"bid","price":38410.777,"amount":0.00027719,"tid":205419013,"timestamp":1699694788},{"type":"bid","price":38410.777,"amount":0.00028689,"tid":205419012,"timestamp":1699694786},{"type":"bid","price":38410.777,"amount":0.00031118,"tid":205419011,"timestamp":1699694784},{"type":"bid","price":38410.777,"amount":0.00028667,"tid":205419010,"timestamp":1699694784},{"type":"bid","price":38410.777,"amount":0.00028689,"tid":205419009,"timestamp":1699694782},{"type":"bid","price":38410.777,"amount":0.0001381,"tid":205419008,"timestamp":1699694780},{"type":"bid","price":38410.777,"amount":0.00028689,"tid":205419007,"timestamp":1699694778},{"type":"bid","price":38410.777,"amount":0.00028689,"tid":205419006,"timestamp":1699694776},{"type":"bid","price":38410.777,"amount":0.00271305,"tid":205419005,"timestamp":1699694775},{"type":"bid","price":38410.777,"amount":0.00028689,"tid":205419004,"timestamp":1699694774},{"type":"bid","price":38410.777,"amount":0.00013706,"tid":205419003,"timestamp":1699694771},{"type":"bid","price":38410.777,"amount":0.00028818,"tid":205419002,"timestamp":1699694771},{"type":"bid","price":38410.77699999,"amount":0.00058653,"tid":205419001,"timestamp":1699694771},{"type":"bid","price":38410.77699999,"amount":0.00028689,"tid":205419000,"timestamp":1699694770},{"type":"bid","price":38410.777,"amount":0.00028681,"tid":205418999,"timestamp":1699694767},{"type":"bid","price":38410.777,"amount":0.0070803,"tid":205418998,"timestamp":1699694767},{"type":"bid","price":38410.777,"amount":0.00013632,"tid":205418997,"timestamp":1699694766}]}